Untuk setiap referensi, baris pertama (newton1687) merupakan label dan baris-baris berikutnya
merupakan atribut dari referensi yang akan digunakan. Umumnya, format referensi berikut sudah
disediakan oleh penyedia sumber referensi secara online dan bisa langsung ditaruh di sini.

Lihat https://www.bibtex.com/g/bibtex-format/ untuk informasi lebih lanjut mengenai format
BibTex yang digunakan pada file ini.

@article{newton1687,
  author  = {Isaac Newton},
  journal = {Philosophiæ Naturalis Principia Mathematica},
  title   = {Axioms or Laws of Motion},
  year    = {1687}
}

@misc{cetakbiruspacex,
  title   = {Cetak Biru Space X},
  url     = {https://id.pinterest.com/pin/344032859037191430/},
  urldate = {2021-05-18},
  year    = {2021}
}

@article{doi:10.1080/09505431.2018.1519534,
author = {Sanneke Kloppenburg and Irma van der Ploeg},
title = {Securing Identities: Biometric Technologies and the Enactment of Human Bodily Differences},
journal = {Science as Culture},
volume = {29},
number = {1},
pages = {57-76},
year  = {2020},
publisher = {Routledge},
doi = {10.1080/09505431.2018.1519534},
URL = {https://doi.org/10.1080/09505431.2018.1519534},
eprint = { https://doi.org/10.1080/09505431.2018.1519534}
}

@ARTICLE{1597098,  author={Weaver, A.C.},  journal={Computer},   title={Biometric authentication},   year={2006},  volume={39},  number={2},  pages={96-97},  doi={10.1109/MC.2006.47}}

@article{zufar,
  author={M. {Zufar} and B. {Setiyono}},
  journal={Jurnal Sains dan Seni ITS},
  volume={5},
  number={2},
  title={Convolutional Neural Networks Untuk Pengenalan Wajah Secara Real-Time},
  year={2016}}

@article{lecun1989handwritten,
  title={Handwritten digit recognition with a back-propagation network},
  author={LeCun, Yann and Boser, Bernhard and Denker, John and Henderson, Donnie and Howard, Richard and Hubbard, Wayne and Jackel, Lawrence},
  journal={Advances in neural information processing systems},
  volume={2},
  year={1989}
}

@article{deng2019retinaface,
  title={Retinaface: Single-stage dense face localisation in the wild},
  author={Deng, Jiankang and Guo, Jia and Zhou, Yuxiang and Yu, Jinke and Kotsia, Irene and Zafeiriou, Stefanos},
  journal={arXiv preprint arXiv:1905.00641},
  year={2019}
}

@InProceedings{Li_2015_CVPR,
author = {Li, Haoxiang and Lin, Zhe and Shen, Xiaohui and Brandt, Jonathan and Hua, Gang},
title = {A Convolutional Neural Network Cascade for Face Detection},
booktitle = {Proceedings of the IEEE Conference on Computer Vision and Pattern Recognition (CVPR)},
month = {June},
year = {2015}
}

@article{ahmad2017mengenal,
  title={Mengenal artificial intelligence, machine learning, neural network, dan deep learning},
  author={Ahmad, Abu},
  journal={J. Teknol. Indones., no. October},
  pages={3},
  year={2017}
}

@article{cybenko1989approximation,
  title={Approximation by superpositions of a sigmoidal function},
  author={Cybenko, George},
  journal={Mathematics of control, signals and systems},
  volume={2},
  number={4},
  pages={303--314},
  year={1989},
  publisher={Springer}
}

@article{bengio2007learning,
  title={Learning deep architectures for Al},
  author={Bengio, Yoshua},
  journal={Foundations and Trends in Machine Learning.-2009.—2 (1).-pp},
  pages={1--127},
  year={2007}
}

@book{goodfellow2016deep,
  title={Deep learning},
  author={Goodfellow, Ian and Bengio, Yoshua and Courville, Aaron},
  year={2016},
  publisher={MIT press}
}

@article{nugrohoevalution2016,
  author={Nugroho, Supeno Mardi S and others},  
  title={Evaluation of Convolutional Neural Network Based Face Detection Under Real Surveillance Environment},
  year={2016}}

@article{dewi2018deep,
  title={Deep Learning Object Detection Pada Video Menggunakan Tensorflow dan Convolutional Neural Network},
  author={Dewi, Syarifah Rosita and others},
  year={2018},
  publisher={UNIVERSITAS ISLAM INDONESIA}
}

@article{umam2016deteksi,
  title={Deteksi obyek manusia pada basis data video menggunakan metode background subtraction dan operasi morfologi},
  author={Umam, Khairul and Negara, Benny Sukma},
  journal={Jurnal CoreIT: Jurnal Hasil Penelitian Ilmu Komputer dan Teknologi Informasi},
  volume={2},
  number={2},
  pages={31--40},
  year={2016}
}

@inproceedings{lin2017feature,
  title={Feature pyramid networks for object detection},
  author={Lin, Tsung-Yi and Doll{\'a}r, Piotr and Girshick, Ross and He, Kaiming and Hariharan, Bharath and Belongie, Serge},
  booktitle={Proceedings of the IEEE conference on computer vision and pattern recognition},
  pages={2117--2125},
  year={2017}
}

@article{Newton1687,
  author={I. {Newton}},
  journal={Philosophiæ Naturalis Principia Mathematica},
  title={Axioms or Laws of Motion},
  year={1687}}

@misc{SpaceXBlueprint,
  title={Space X Blueprint},
  year=2021,
  url={https://id.pinterest.com/pin/344032859037191430/},
  urldate={2021-01-26}}


@article{ahmad2017mengenal,
  title={Mengenal artificial intelligence, machine learning, neural network, dan deep learning},
  author={Ahmad, Abu},
  journal={J. Teknol. Indones., no. October},
  pages={3},
  year={2017}
}

@article{cybenko1989approximation,
  title={Approximation by superpositions of a sigmoidal function},
  author={Cybenko, George},
  journal={Mathematics of control, signals and systems},
  volume={2},
  number={4},
  pages={303--314},
  year={1989},
  publisher={Springer}
}

@article{bengio2007learning,
  title={Learning deep architectures for Al},
  author={Bengio, Yoshua},
  journal={Foundations and Trends in Machine Learning.-2009.—2 (1).-pp},
  pages={1--127},
  year={2007}
}

@book{goodfellow2016deep,
  title={Deep learning},
  author={Goodfellow, Ian and Bengio, Yoshua and Courville, Aaron},
  year={2016},
  publisher={MIT press}
}

@article{dewi2018deep,
  title={Deep Learning Object Detection Pada Video Menggunakan Tensorflow dan Convolutional Neural Network},
  author={Dewi, Syarifah Rosita and others},
  year={2018},
  publisher={UNIVERSITAS ISLAM INDONESIA}
}

@article{umam2016deteksi,
  title={Deteksi obyek manusia pada basis data video menggunakan metode background subtraction dan operasi morfologi},
  author={Umam, Khairul and Negara, Benny Sukma},
  journal={Jurnal CoreIT: Jurnal Hasil Penelitian Ilmu Komputer dan Teknologi Informasi},
  volume={2},
  number={2},
  pages={31--40},
  year={2016}
}

@article{simeone2018very,
  title={A very brief introduction to machine learning with applications to communication systems},
  author={Simeone, Osvaldo},
  journal={IEEE Transactions on Cognitive Communications and Networking},
  volume={4},
  number={4},
  pages={648--664},
  year={2018},
  publisher={IEEE}
}

@article{carbonell1983overview,
  title={An overview of machine learning},
  author={Carbonell, Jaime G and Michalski, Ryszard S and Mitchell, Tom M},
  journal={Machine learning},
  pages={3--23},
  year={1983},
  publisher={Elsevier}
}

@book{haykin2009neural,
  title={Neural networks and learning machines, 3/E},
  author={Haykin, Simon},
  year={2009},
  publisher={Pearson Education India}
}

@article{aghdam2017guide,
  title={Guide to convolutional neural networks},
  author={Aghdam, Hamed Habibi and Heravi, Elnaz Jahani},
  journal={New York, NY: Springer},
  volume={10},
  number={978-973},
  pages={51},
  year={2017},
  publisher={Springer}
}

@book{weidman2019deep,
  title={Deep learning from scratch: building with python from first principles},
  author={Weidman, Seth},
  year={2019},
  publisher={O'Reilly Media}
}

@book{bovik2009essential,
  title={The essential guide to image processing},
  author={Bovik, Alan C},
  year={2009},
  publisher={Academic Press}
}

@inproceedings{najibi2017ssh,
  title={Ssh: Single stage headless face detector},
  author={Najibi, Mahyar and Samangouei, Pouya and Chellappa, Rama and Davis, Larry S},
  booktitle={Proceedings of the IEEE international conference on computer vision},
  pages={4875--4884},
  year={2017}
}

@inproceedings{dai2017deformable,
  title={Deformable convolutional networks},
  author={Dai, Jifeng and Qi, Haozhi and Xiong, Yuwen and Li, Yi and Zhang, Guodong and Hu, Han and Wei, Yichen},
  booktitle={Proceedings of the IEEE international conference on computer vision},
  pages={764--773},
  year={2017}
}

@article{sagonas2016300,
  title={300 faces in-the-wild challenge: Database and results},
  author={Sagonas, Christos and Antonakos, Epameinondas and Tzimiropoulos, Georgios and Zafeiriou, Stefanos and Pantic, Maja},
  journal={Image and vision computing},
  volume={47},
  pages={3--18},
  year={2016},
  publisher={Elsevier}
}

@inproceedings{sagonas2013300,
  title={300 faces in-the-wild challenge: The first facial landmark localization challenge},
  author={Sagonas, Christos and Tzimiropoulos, Georgios and Zafeiriou, Stefanos and Pantic, Maja},
  booktitle={Proceedings of the IEEE international conference on computer vision workshops},
  pages={397--403},
  year={2013}
}

@inproceedings{sagonas2013semi,
  title={A semi-automatic methodology for facial landmark annotation},
  author={Sagonas, Christos and Tzimiropoulos, Georgios and Zafeiriou, Stefanos and Pantic, Maja},
  booktitle={Proceedings of the IEEE conference on computer vision and pattern recognition workshops},
  pages={896--903},
  year={2013}
}